<record><leader>00000nas a2200000 i 4500</leader><controlfield tag="001">907542996</controlfield><controlfield tag="008">150417c19uu9999utuuu ne      0    0eng c</controlfield><datafield ind1=" " ind2=" " tag="010"><subfield code="a">  2015269200</subfield></datafield><datafield ind1=" " ind2=" " tag="040"><subfield code="a">UBY</subfield><subfield code="b">eng</subfield><subfield code="e">rda</subfield><subfield code="c">UBY</subfield></datafield><datafield ind1=" " ind2=" " tag="042"><subfield code="a">pcc</subfield></datafield><datafield ind1=" " ind2=" " tag="043"><subfield code="a">n-us-ut</subfield></datafield><datafield ind1=" " ind2="4" tag="050"><subfield code="a">PN2277.S35</subfield><subfield code="b">D47</subfield></datafield><datafield ind1="2" ind2=" " tag="110"><subfield code="a">Desert Star (Theater),</subfield><subfield code="e">author.</subfield></datafield><datafield ind1="1" ind2="0" tag="245"><subfield code="a">Desert Star happy trails.</subfield></datafield><datafield ind1="1" ind2="3" tag="246"><subfield code="a">Happy trails</subfield></datafield><datafield ind1=" " ind2="1" tag="264"><subfield code="a">[Salt Lake City, Utah] :</subfield><subfield code="b">[Desert Star Theatres],</subfield><subfield code="c">19uu-</subfield></datafield><datafield ind1=" " ind2=" " tag="300"><subfield code="a">volumes :</subfield><subfield code="b">color illustrations ;</subfield><subfield code="c">43 cm</subfield></datafield><datafield ind1=" " ind2=" " tag="336"><subfield code="a">text</subfield><subfield code="2">rdacontent</subfield></datafield><datafield ind1=" " ind2=" " tag="336"><subfield code="a">still image</subfield><subfield code="2">rdacontent</subfield></datafield><datafield ind1=" " ind2=" " tag="337"><subfield code="a">unmediated</subfield><subfield code="2">rdamedia</subfield></datafield><datafield ind1=" " ind2=" " tag="338"><subfield code="a">volume</subfield><subfield code="2">rdacarrier</subfield></datafield><datafield ind1=" " ind2=" " tag="500"><subfield code="a">"www.DesertStarPlayhouse.com"</subfield></datafield><datafield ind1=" " ind2=" " tag="500"><subfield code="a">"Sponsored by City Journals, community free papers."</subfield></datafield><datafield ind1=" " ind2=" " tag="588"><subfield code="a">Description based on: Vol. XXX, no. 149 (January 8-March 21, [2015])</subfield></datafield><datafield ind1="2" ind2="0" tag="610"><subfield code="a">Desert Star (Theater)</subfield><subfield code="v">Newspapers.</subfield></datafield><datafield ind1=" " ind2="0" tag="650"><subfield code="a">Community theater</subfield><subfield code="v">Newspapers.</subfield></datafield><datafield ind1=" " ind2="7" tag="655"><subfield code="a">Theater programs.</subfield><subfield code="2">lcgft</subfield></datafield></record>